@article{ETFL,
  title={Randomized clustering forests for image classification},
  author={Moosmann, Frank and Nowak, Eric and Jurie, Frederic},
  journal={Pattern Analysis and Machine Intelligence, IEEE Transactions on},
  volume={30},
  number={9},
  pages={1632--1646},
  year={2008},
  publisher={IEEE}
}

@article{randomforests,
  title={Random forests},
  author={Breiman, Leo},
  journal={Machine learning},
  volume={45},
  number={1},
  pages={5--32},
  year={2001},
  publisher={Springer}
}

@article{randomsubspace,
  title={The random subspace method for constructing decision forests},
  author={Ho, Tin Kam},
  journal={Pattern Analysis and Machine Intelligence, IEEE Transactions on},
  volume={20},
  number={8},
  pages={832--844},
  year={1998},
  publisher={IEEE}
}

@article{extratrees,
  title={Extremely randomized trees},
  author={Geurts, Pierre and Ernst, Damien and Wehenkel, Louis},
  journal={Machine learning},
  volume={63},
  number={1},
  pages={3--42},
  year={2006},
  publisher={Springer}
}

@article{cifar,
  title={Learning multiple layers of features from tiny images},
  author={Krizhevsky, Alex and Hinton, Geoffrey},
  journal={Computer Science Department, University of Toronto, Tech. Rep},
  year={2009},
  publisher={Citeseer}
}

@article{mareebiological,
  title={Biological Image Classification with Random Subwindows and Extra-Trees},
  author={Mar{\'e}e, Rapha{\"e}l and Geurts, Pierre and Wehenkel, Louis},
  year={2006}
}

@article{bestcifar,
  author    = {Min Lin and
               Qiang Chen and
               Shuicheng Yan},
  title     = {Network In Network},
  journal   = {CoRR},
  volume    = {abs/1312.4400},
  year      = {2013},
  ee        = {http://arxiv.org/abs/1312.4400},
  bibsource = {DBLP, http://dblp.uni-trier.de}
}

@article{sklearn,
 title={Scikit-learn: Machine Learning in {P}ython},
 author={Pedregosa, F. and Varoquaux, G. and Gramfort, A. and Michel, V.
         and Thirion, B. and Grisel, O. and Blondel, M. and Prettenhofer, P.
         and Weiss, R. and Dubourg, V. and Vanderplas, J. and Passos, A. and
         Cournapeau, D. and Brucher, M. and Perrot, M. and Duchesnay, E.},
 journal={Journal of Machine Learning Research},
 volume={12},
 pages={2825--2830},
 year={2011}
}

@Misc{scipy,
  author =    {Eric Jones and Travis Oliphant and Pearu Peterson and others},
  title =     {{SciPy}: Open source scientific tools for {Python}},
  year =      {2001--},
  url = "http://www.scipy.org/"
}

@book{decisiontrees,
  title={Classification and regression trees},
  author={Breiman, Leo and Friedman, Jerome and Stone, Charles J and Olshen, Richard A},
  year={1984},
  publisher={CRC press}
}

@article{quinlan1986induction,
  title={Induction of decision trees},
  author={Quinlan, J. Ross},
  journal={Machine learning},
  volume={1},
  number={1},
  pages={81--106},
  year={1986},
  publisher={Springer}
}

@incollection{pxitrecap,
  title={Extremely Randomized Trees and Random Subwindows for Image Classification, Annotation, and Retrieval},
  author={Mar{\'e}e, Rapha{\"e}l and Wehenkel, Louis and Geurts, Pierre},
  booktitle={Decision Forests for Computer Vision and Medical Image Analysis},
  pages={125--141},
  year={2013},
  publisher={Springer}
}